@inbook{aaymodelmethod,
	author="Аксенов Алексей Юрьевич",
	title="Модели и методы обработки и представления
	сложных пространственных объектов.",
	publisher="--- СПИИРАН",
	language="russian",
	year=2015,
	pages="110"
}

@inbook{termin-cg,
	author="Перемитина Т.О.",
	title="Компьютерная графика : учебное пособие.",
	publisher="--- Томск: Эль Контент",
	language="russian",
	year=2012,
	pages="114"
}

@inbook{applicationcg,
	author="Горюнова А.М., Омельченко Т.В.,Омельченко  П.Н., Муслимов  Д.А.",
	title="Применение компьютерной графики для решения экономических и инженерных задач : учебное пособие.",
	publisher="--- Оренбург:  ОГУ",
	language="russian",
	year=2018,
	pages="153"
}

@inbook{roders,
	author="Роджерс Д.",
	title="Алгоритмические основы машинной графики: Пер. с англ.",
	publisher="--- СПб: БХВ-Петербург",
	language="russian",
	year=1989,
	pages="512"
}

@inbook{shikin,
	author="Шикин Е. В., Боресков А. В.",
	title="Компьютерная графика. Динамика, реалистические изображения.",
	publisher="--- Москва: ДИАЛОГ-МИФИ",
	language="russian",
	year=1996,
	pages="288"
}

@inbook{polskicg,
	author="Польский С. В.",
	title="Компьютерная графика : учебнно-методичное пособие",
	publisher="--- Москва:  ГОУ ВПО МГУЛ",
	language="russian",
	year=2008,
	pages="38"
}

@inbook{porevcg,
	author="Порев В. Н.",
	title="Компьютерная графика.",
	publisher="--- СПб.: БХВ-Петербург",
	language="russian",
	year=2002,
	pages="429"
}

@misc{light-model,
	title="Простые модели освещения [Электронный ресурс].",
	howpublished="--- Режим доступа: \url{https://grafika.me/node/344} (дата обращения: 24.09.2022)."
}

@misc{palcing-camera,
	title="Placing a Camera: the LookAt Function [Электронный ресурс].",
	howpublished="--- Режим доступа: \url{https://www.scratchapixel.com/lessons/mathematics-physics-for-computer-graphics/lookat-function/framing-lookat-function.html} (дата обращения: 20.09.2022)."
}

@misc{ray-tracing,
	title="Метод прямой и обратной трассировки [Электронный ресурс].",
	howpublished="--- Режим доступа: \url{https://en.cppreference.com/w/c/language} (дата обращения: 14.09.2022)."
}

@misc{model-light,
	title="Простые модели освещения [Электронный ресурс].",
	howpublished="--- Режим доступа: \url{http://grafika.me/node/344} (дата обращения: 14.09.2022)."
}

@misc{qt-creator,
	title="Qt Creator Manual [Электронный ресурс].",
	howpublished="--- Режим доступа: \url{https://doc.qt.io/qtcreator} (дата обращения: 30.10.2022)"
}

@misc{qt-framefork,
	title="All Qt Documentation [Электронный ресурс].",
	howpublished="--- Режим доступа: \url{https://doc.qt.io/all-topics.html} (дата обращения: 30.10.2022)"
}

@misc{qmake,
	title="qmake Manual [Электронный ресурс].",
	howpublished="--- Режим доступа: \url{https://doc.qt.io/qt-6/qmake-manual.html} (дата обращения: 30.10.2022)"
}

@misc{cpp-lang,
	title="Документация по языку C++ [Электронный ресурс].",
	howpublished="--- Режим доступа: \url{https://learn.microsoft.com/ru-ru/cpp/cpp/?view=msvc-160} (дата обращения: 30.10.2022)."
}

@misc{c-lang-time,
	title="Определение текущего времени с высокой точностью [Электронный ресурс].",
	howpublished="--- Режим доступа: \url{http://all-ht.ru/inf/prog/c/func/clock_gettime.html} (дата обращения: 30.10.2022)."
}

@misc{intel,
	title="Intel [Электронный ресурс].",
	howpublished="--- Режим доступа: \url{https://ark.intel.com/content/www/ru/ru/ark/products/201839/intel-core-i510300h-processor-8m-cache-up-to-4-50-ghz.html} (дата обращения: 25.09.2022)"
}

@misc{windows,
	title="Windows 11 Pro 64-bit  [Электронный ресурс]",
	howpublished="--- Режим доступа: \url{https://www.microsoft.com/ru-ru/software-download/windows10} (дата обращения: 25.09.2022)."
}

@misc{model,
	title="М. В. Ульянов Ресурсно-эффективные компьютерные алгоритмы. Разработка и анализ.",
    year=2007
}


